@ARTICLE{2015arXiv151207914J,
   author = {{Juri{\'c}}, M. and {Kantor}, J. and {Lim}, K. and others},
    title = "{The LSST Data Management System}",
  journal = {ArXiv e-prints},
archivePrefix = "arXiv",
   volume = {arXiv:1512.07914},
 primaryClass = "astro-ph.IM",
 keywords = {Astrophysics - Instrumentation and Methods for Astrophysics},
     year = 2015,
   adsurl = {http://adsabs.harvard.edu/abs/2015arXiv151207914J},
  adsnote = {Provided by the SAO/NASA Astrophysics Data System}
}

@ARTICLE{2016arXiv161100751J,
   author = {{Jenness}, T.},
    title = "{Porting the LSST Data Management Pipeline Software to Python 3}",
  journal = {ArXiv e-prints},
archivePrefix = "arXiv",
   volume = {arXiv:1611.00751},
 primaryClass = "astro-ph.IM",
 keywords = {Astrophysics - Instrumentation and Methods for Astrophysics, Computer Science - Software Engineering},
     year = 2016,
   adsurl = {http://adsabs.harvard.edu/abs/2016arXiv161100751J},
  adsnote = {Provided by the SAO/NASA Astrophysics Data System}
}

@ARTICLE{2017arXiv171200461J,
   author = {{Jenness}, T.},
    title = "{Modern Python at the Large Synoptic Survey Telescope}",
  journal = {ArXiv e-prints},
archivePrefix = "arXiv",
   volume = {arXiv:1712.00461},
 primaryClass = "astro-ph.IM",
 keywords = {Astrophysics - Instrumentation and Methods for Astrophysics},
     year = 2017,
   adsurl = {http://adsabs.harvard.edu/abs/2017arXiv171200461J},
  adsnote = {Provided by the SAO/NASA Astrophysics Data System}
}

@INPROCEEDINGS{2016SPIE.9911E..0NK,
   author = {{Kantor}, J. and {Long}, K. and {Becla}, J. and {Economou}, F. and
	{Gelman}, M. and {Juric}, M. and {Lambert}, R. and {Krughoff}, S. and
	{Swinbank}, J.~D. and {Wu}, X.},
    title = "{Agile software development in an earned value world: a survival guide}",
booktitle = {Modeling, Systems Engineering, and Project Management for Astronomy VI},
   editor = {George Z. Angeli and Philippe Dierickx},
     year = 2016,
   series = {Proc.\ SPIE},
   volume = 9911,
      eid = {99110N},
    pages = {99110N},
      doi = {10.1117/12.2233380},
   adsurl = {http://adsabs.harvard.edu/abs/2016SPIE.9911E..0NK},
  adsnote = {Provided by the SAO/NASA Astrophysics Data System}
}

@ARTICLE{2008arXiv0805.2366I,
   author = {{Ivezic}, Z. and others},
    title = "{LSST: from Science Drivers to Reference Design and Anticipated Data Products}",
  journal = {ArXiv e-prints},
archivePrefix = "arXiv",
   volume = {arXiv:0805.2366},
 keywords = {Astrophysics},
     year = 2008,
   adsurl = {http://adsabs.harvard.edu/abs/2008arXiv0805.2366I},
  adsnote = {Provided by the SAO/NASA Astrophysics Data System}
}

@INPROCEEDINGS{2004AAS...20510811A,
   author = {{Axelrod}, T. and {Connolly}, A. and {Ivezic}, Z. and {Kantor}, J. and
	{Lupton}, R. and {Plante}, R. and {Stubbs}, C. and {Wittman}, D.
	},
    title = "{The LSST Data Processing Pipeline}",
booktitle = {American Astronomical Society Meeting Abstracts},
     year = 2004,
   series = {Bulletin of the American Astronomical Society},
   volume = 36,
      eid = {108.11},
    pages = {1529},
   adsurl = {http://adsabs.harvard.edu/abs/2004AAS...20510811A},
  adsnote = {Provided by the SAO/NASA Astrophysics Data System}
}

@MISC{GitHubFlow,
    title = "{Understanding the GitHub Flow}",
    howpublished = "GitHub, 30 November 2017 \url{https://guides.github.com/introduction/flow/}",
    note = {(Accessed: 21 March 2018)}
}

@MISC{Gitflow,
    title = "{A successful Git branching model}",
    author = {{Driessen}, V.},
    howpublished = "5 Jan 2010 \url{http://nvie.com/posts/a-successful-git-branching-model/}",
    note = {(Accessed: 21 March 2018)}
}

@MISC{devguide,
  title = "{LSST DM Developer Guide}",
  howpublished = "LSST, March 2018 \url{https://developer.lsst.io}",
  note = {(Accessed: 4 April 2018)}
}

@MISC{doxygen,
  title = "{Doxygen Manual}",
  author = "Dimitri van Heesch",
  howpublished = "2017 \url{https://www.stack.nl/~dimitri/doxygen/manual/index.html}",
  note = {(Accessed: 5 April 2018)}
}

@MISC{numpydoc,
  title = "{numpydoc -â€“ Numpy's Sphinx extensions}",
  howpublished = "4 April 2018 \url{https://numpydoc.readthedocs.io/en/latest/}",
  note = {(Accessed: 5 April 2018)}
}

@MISC{jsdoc,
  title = "{@use JSDoc}",
  howpublished = "JSDoc 3 documentation project, 2018 \url{http://usejsdoc.org}",
  note = {(Accessed: 5 April 2018)},
}

@MISC{pep8,
  author = "Guido van Rossum",
  title = "{PEP 8 -- Style Guide for Python Code}",
  howpublished = "Python Software Foundation, 1 August 2013, \url{https://www.python.org/dev/peps/pep-0008/}",
  note = {(Accessed: 5 April 2018)}
}

@MISC{clangformat,
  title = "{ClangFormat}",
  howpublished = "The Clang Team, 2018 \url{http://clang.llvm.org/docs/ClangFormat.html}",
  note = {(Accessed: 5 April 2018)},
}

@MISC{pytest,
  title = "{pytest: helps you write better programs}",
  author = "Holger Krekel",
  howpublished = "2017 \url{https://docs.pytest.org/en/latest/}",
  note = {(Accessed: 5 April 2018)},
}

@PROCEEDINGS{2014SPIE.9150E..1EG,
   author = {{Gill}, R. and {Gracia}, G. and {Lupton}, R.~H. and {O'Mullane}, W.},
    title = "{Novel technique for tracking manpower and work packages: a useful tool for the team and management}",
booktitle = {Modeling, Systems Engineering, and Project Management for Astronomy VI},
     year = 2014,
   series = {\procspie},
   editor = {George Z. Angeli and Philippe Dierickx},
   volume = 9150,
      eid = {91501E},
    pages = {91501E},
      doi = {10.1117/12.2054745},
   adsurl = {http://adsabs.harvard.edu/abs/2014SPIE.9150E..1EG},
  adsnote = {Provided by the SAO/NASA Astrophysics Data System}
}

@INPROCEEDINGS{2016SPIE.9913E..0YR,
   author = {{Roby}, W. and others},
    title = "{Firefly: embracing future web technologies}",
booktitle = {Software and Cyberinfrastructure for Astronomy IV},
     year = 2016,
   series = {\procspie},
   editor = {Gianluca Chiozzi and Juan C. Guzman},
   volume = 9913,
      eid = {99130Y},
    pages = {99130Y},
      doi = {10.1117/12.2233042},
   adsurl = {http://adsabs.harvard.edu/abs/2016SPIE.9913E..0YR},
  adsnote = {Provided by the SAO/NASA Astrophysics Data System}
}

@MISC{SQR-009,
  author = "Angelo Fausti",
  title = "{The SQuaSH dashboard}",
  year = 2018,
  howpublished = "{LSST SQuaRE Tech Note SQR-009, LSST \url{https://sqr-009.lsst.io}}",
}

@MISC{DMTN-020,
  author =       {Jacek Becla and others},
  title =        "{Project Management Guide}",
  year =         2016,
  howpublished = "{LSST DM Tech Note DMTN-20, LSST \url{https://dmtn-020.lsst.io}}",
  publisher =    {LSST},
  handle =       {DMTN-020},
  url =          {https://dmtn-020.lsst.io/}
}

@MISC{LDM-294,
  author =       {William O'Mullane and others},
  title =        "{Data Management Organization and Management}",
  year =         2017,
  howpublished = "{LDM-294, LSST \url{https://ls.st/LDM-294}}",
  publisher =    {LSST},
  handle =       {LDM-294},
  url =          {https://ldm-294.lsst.io/}
}

@MISC{LDM-148,
  author =       {K.-T. Lim and others},
  title =        "{Data Management System Design}",
  year =         2017,
  howpublished = "{LDM-148, LSST, \url{https://ls.st/LDM-148}}",
  publisher =    {LSST},
  handle =       {LDM-148},
}

@MISC{LPM-17,
  author =       {{\v Z}. {Ivezi{\'c}} and {The LSST Science
                  Collaboration}},
  title =        "{LSST Science Requirements Document}",
  year =         2011,
  howpublished = {LPM-17, LSST \url{https://ls.st/LPM-17}},
}

@inproceedings{2011Wang:2011:QDS:2063348.2063364,
  Acmid =        2063364,
  Address =      {New York, NY, USA},
  Articleno =    12,
  Author =       {Wang, Daniel L. and Monkewitz, Serge M. and Lim,
                  Kian-Tat and Becla, Jacek},
  Booktitle =    {State of the Practice Reports},
  Doi =          {http://doi.acm.org/10.1145/2063348.2063364},
  Isbn =         {978-1-4503-1139-7},
  Keywords =     {MPP, database, distributed, file system, parallel,
                  shared-nothing},
  Location =     {Seattle, Washington},
  Numpages =     11,
  Pages =        {12:1--12:11},
  Publisher =    {ACM},
  Series =       {SC '11},
  Title =        "{Qserv: a distributed shared-nothing database for the
                  LSST catalog}",
  Url =          {http://doi.acm.org/10.1145/2063348.2063364},
  Year =         2011,
  Bdsk-Url-1 =   {http://doi.acm.org/10.1145/2063348.2063364}
}

@ARTICLE{2018PASJ...70S...5B,
   author = {{Bosch}, J. and others},
    title = "{The Hyper Suprime-Cam software pipeline}",
  journal = {PASJ},
archivePrefix = "arXiv",
   eprint = {1705.06766},
 primaryClass = "astro-ph.IM",
 keywords = {methods: data analysis, surveys, techniques: image processing},
     year = 2018,
   volume = 70,
      eid = {S5},
    pages = {S5},
      doi = {10.1093/pasj/psx080},
   adsurl = {http://adsabs.harvard.edu/abs/2018PASJ...70S...5B},
  adsnote = {Provided by the SAO/NASA Astrophysics Data System},
}

@ARTICLE{1742-6596-331-4-042003,
   author  =  {Jakob Blomer and Carlos Aguado-S\'anchez and Predrag Buncic and Artem Harutyunyan},
    title  =  {Distributing {{LHC}} application software and conditions databases using the {{CernVM}} file system},
  journal  =  {Journal of Physics: Conference Series},
   volume  =  {331},
   number  =  {4},
    pages  =  {042003},
      url  =  {http://stacks.iop.org/1742-6596/331/i=4/a=042003},
     year  =  {2011},
}
